@misc{SSMI103769:online,
author = {},
title = {\textasciicircum{}SSMI 10,373.68 31.05 0.30\% : SMI PR - Yahoo Finance},
howpublished = {\url{https://finance.yahoo.com/quote/%5Essmi/}},
month = {},
year = {2020},
note = {(Accessed on 12/04/2020)}
}

@misc{000001SS63:online,
author = {},
title = {000001.SS 3,444.58 2.45 0.07\% : SSE Composite Index - Yahoo Finance},
howpublished = {\url{https://finance.yahoo.com/quote/000001.SS/}},
month = {},
year = {2020},
note = {(Accessed on 12/04/2020)}
}

@misc{DEUTSCHE33:online,
author = {},
title = {DEUTSCHE BOERSE NA O.N. (DB1.DE) Stock Price, News, Quote \& History - Yahoo Finance},
howpublished = {\url{https://finance.yahoo.com/quote/DB1.DE/}},
month = {},
year = {2020},
note = {(Accessed on 12/04/2020)}
}

@misc{FTSEMIBM50:online,
author = {},
title = {FTSEMIB.MI 22,167.93 160.53 0.73\% : FTSE MIB Index - Yahoo Finance},
howpublished = {\url{https://finance.yahoo.com/quote/FTSEMIB.MI/}},
month = {},
year = {2020},
note = {(Accessed on 12/04/2020)}
}

@misc{DowJones69:online,
author = {},
title = {Dow Jones Industrial Average (\textasciicircum{}DJI) Charts, Data \& News - Yahoo Finance},
howpublished = {\url{https://finance.yahoo.com/quote/%5EDJI/}},
month = {},
year = {2020},
note = {(Accessed on 12/04/2020)}
}

@misc{Stationa72:online,
author = {people.duke.edu},
title = {Stationarity and differencing of time series data},
howpublished = {\url{https://people.duke.edu/~rnau/411diff.htm}},
month = {},
year = {2020},
note = {(Accessed on 12/04/2020)}
}